@Manual{R-base,
  title = {R: A Language and Environment for Statistical Computing},
  author = {{R Core Team}},
  organization = {R Foundation for Statistical Computing},
  address = {Vienna, Austria},
  year = {2018},
  url = {https://www.R-project.org/},
}
@Manual{R-bookdown,
  title = {bookdown: Authoring Books and Technical Documents with R Markdown},
  author = {Yihui Xie},
  year = {2018},
  note = {R package version 0.7},
  url = {https://CRAN.R-project.org/package=bookdown},
}
@Manual{R-DT,
  title = {DT: A Wrapper of the JavaScript Library 'DataTables'},
  author = {Yihui Xie and Joe Cheng and Xianying Tan},
  year = {2018},
  note = {R package version 0.5},
  url = {https://CRAN.R-project.org/package=DT},
}
@Manual{R-htmlwidgets,
  title = {htmlwidgets: HTML Widgets for R},
  author = {Ramnath Vaidyanathan and Yihui Xie and JJ Allaire and Joe Cheng and Kenton Russell},
  year = {2018},
  note = {R package version 1.3},
  url = {https://CRAN.R-project.org/package=htmlwidgets},
}
@Manual{R-knitr,
  title = {knitr: A General-Purpose Package for Dynamic Report Generation in R},
  author = {Yihui Xie},
  year = {2018},
  note = {R package version 1.20},
  url = {https://CRAN.R-project.org/package=knitr},
}
@Manual{R-rmarkdown,
  title = {rmarkdown: Dynamic Documents for R},
  author = {JJ Allaire and Yihui Xie and Jonathan McPherson and Javier Luraschi and Kevin Ushey and Aron Atkins and Hadley Wickham and Joe Cheng and Winston Chang},
  year = {2018},
  note = {R package version 1.10},
  url = {https://CRAN.R-project.org/package=rmarkdown},
}
